<?xml version="1.0" encoding="UTF-8"?><collection xmlns="http://www.loc.gov/MARC21/slim"><record><leader>00504nam--2200193-i-4500</leader><controlfield tag="001">000043231</controlfield><controlfield tag="002">20161230</controlfield><controlfield tag="005">20161230201043</controlfield><controlfield tag="008">060222s1000------------r-----000-0-rus-d</controlfield><datafield ind1=" " ind2=" " tag="040"><subfield code="a">IFIN-HH</subfield></datafield><datafield ind1=" " ind2=" " tag="041"><subfield code="a">rus</subfield></datafield><datafield ind1=" " ind2=" " tag="080"><subfield code="a">537.521</subfield></datafield><datafield ind1="1" ind2=" " tag="100"><subfield code="a">Kopolev, Iu.D</subfield></datafield><datafield ind1="1" ind2="0" tag="245"><subfield code="a">Avtoemissionnie i vzrivnie protessi v gazovom razpiade</subfield><subfield code="c">Iu.d. kopolev, g.a. mesiat</subfield></datafield><datafield ind1=" " ind2=" " tag="260"><subfield code="a">Novosibirsk</subfield><subfield code="b">Nauka</subfield><subfield code="c">1982</subfield></datafield><datafield ind1=" " ind2=" " tag="300"><subfield code="a">253P</subfield></datafield><datafield ind1="1" ind2=" " tag="700"><subfield code="a">Mesiat, G.A</subfield></datafield><datafield ind1=" " ind2=" " tag="852"><subfield code="a">75505</subfield><subfield code="c">537.52</subfield></datafield><datafield ind1=" " ind2=" " tag="CAT"><subfield code="a">Sys</subfield><subfield code="c">20110804</subfield><subfield code="h">150419</subfield></datafield></record></collection>